@misc{shafiei2019serverless,
      title={Serverless Computing: A Survey of Opportunities, Challenges and Applications}, 
      author={Hossein Shafiei and Ahmad Khonsari and Payam Mousavi},
      year={2019},
      eprint={1911.01296},
      archivePrefix={arXiv},
      primaryClass={cs.NI}
}

@INPROCEEDINGS{wu2020,
  author={M. {Wu} and Z. {Mi} and Y. {Xia}},
  booktitle={2020 IEEE International Conference on Joint Cloud Computing}, 
  title={A Survey on Serverless Computing and Its Implications for JointCloud Computing}, 
  year={2020},
  volume={},
  number={},
  pages={94-101}
}

@inproceedings {firecracker,
author = {Alexandru Agache and Marc Brooker and Alexandra Iordache and Anthony Liguori and Rolf Neugebauer and Phil Piwonka and Diana-Maria Popa},
title = {Firecracker: Lightweight Virtualization for Serverless Applications },
booktitle = {17th {USENIX} Symposium on Networked Systems Design and Implementation ({NSDI} 20)},
year = {2020},
address = {Santa Clara, CA},
pages = {419--434},
publisher = {{USENIX} Association},
month = feb,
}

@article{PEREZ201850,
title = "Serverless computing for container-based architectures",
journal = "Future Generation Computer Systems",
volume = "83",
pages = "50 - 59",
year = "2018",
author = "Alfonso Pérez and Germán Moltó and Miguel Caballer and Amanda Calatrava",
}

@INPROCEEDINGS{lee2018performance,
  author={H. {Lee} and K. {Satyam} and G. {Fox}},
  booktitle={2018 IEEE 11th International Conference on Cloud Computing (CLOUD)}, 
  title={Evaluation of Production Serverless Computing Environments}, 
  year={2018},
  volume={},
  number={},
  pages={442-450},}


@INPROCEEDINGS{tan2020unikernel,
  author={B. {Tan} and H. {Liu} and J. {Rao} and X. {Liao} and H. {Jin} and Y. {Zhang}},
  booktitle={2020 IEEE/ACM 28th International Symposium on Quality of Service (IWQoS)}, 
  title={Towards Lightweight Serverless Computing via Unikernel as a Function}, 
  year={2020},
  volume={},
  number={},
  pages={1-10},
}

@INPROCEEDINGS{bila2017serverless,
  author={N. {Bila} and P. {Dettori} and A. {Kanso} and Y. {Watanabe} and A. {Youssef}},
  booktitle={2017 IEEE 37th International Conference on Distributed Computing Systems Workshops (ICDCSW)}, 
  title={Leveraging the Serverless Architecture for Securing Linux Containers}, 
  year={2017},
  volume={},
  number={},
  pages={401-404},}


@article{alpernas2018,
author = {Alpernas, Kalev and Flanagan, Cormac and Fouladi, Sadjad and Ryzhyk, Leonid and Sagiv, Mooly and Schmitz, Thomas and Winstein, Keith},
title = {Secure Serverless Computing Using Dynamic Information Flow Control},
year = {2018},
issue_date = {November 2018},
publisher = {Association for Computing Machinery},
address = {New York, NY, USA},
volume = {2},
number = {OOPSLA},
journal = {Proc. ACM Program. Lang.},
month = oct,
articleno = {118},
numpages = {26},
}

@Misc{s3,
  title        = {{Amazon Simple Storage Service Documentation}},
  howpublished = {\url{https://docs.aws.amazon.com/s3/}},
  timestamp    = {2020-11-02},
}


@INPROCEEDINGS{kvm,
    author = {Avi Kivity and Yaniv Kamay and Dor Laor and Uri Lublin and Anthony Liguori},
    title = {KVM: the Linux Virtual Machine Monitor},
    booktitle = {In Proceedings of the 2007 Ottawa Linux Symposium (OLS’-07},
    year = {2007}
}


@Misc{solo5,
  title        = {{A sandboxed execution environment for unikernels }},
  howpublished = {\url{https://github.com/Solo5/solo5}},
  timestamp    = {2020-11-02},
}

@inproceedings{verma2015google,
title	= {Large-scale cluster management at {Google} with {Borg}},
author	= {Abhishek Verma and Luis Pedrosa and Madhukar R. Korupolu and David Oppenheimer and Eric Tune and John Wilkes},
year	= {2015},
booktitle	= {Proceedings of the European Conference on Computer Systems (EuroSys)},
address	= {Bordeaux, France}
}